<?xml version="1.0" encoding="UTF-8"?>
<zs:searchRetrieveResponse xmlns:zs="http://www.loc.gov/zing/srw/">
  <zs:version>1.1</zs:version>
  <zs:numberOfRecords>3</zs:numberOfRecords>
  <zs:records>
    <zs:record>
      <zs:recordSchema/>
      <zs:recordPacking>xml</zs:recordPacking>
      <zs:recordData>
        <record xmlns="http://www.loc.gov/MARC21/slim">
          <leader>01513cam a22002771  4500</leader>
          <controlfield tag="001">6405820</controlfield>
          <controlfield tag="005">20050904173252.0</controlfield>
          <controlfield tag="008">781027s1930    nyuf          000 0 eng  </controlfield>
          <datafield tag="035" ind1=" " ind2=" ">
            <subfield code="9">(DLC)   30018885</subfield>
          </datafield>
          <datafield tag="906" ind1=" " ind2=" ">
            <subfield code="a">7</subfield>
            <subfield code="b">cbc</subfield>
            <subfield code="c">oclcrpl</subfield>
            <subfield code="d">u</subfield>
            <subfield code="e">ncip</subfield>
            <subfield code="f">19</subfield>
            <subfield code="g">y-gencatlg</subfield>
          </datafield>
          <datafield tag="010" ind1=" " ind2=" ">
            <subfield code="a">   30018885 </subfield>
          </datafield>
          <datafield tag="035" ind1=" " ind2=" ">
            <subfield code="a">(OCoLC)4324930</subfield>
          </datafield>
          <datafield tag="040" ind1=" " ind2=" ">
            <subfield code="a">DLC</subfield>
            <subfield code="c">FTaSU</subfield>
            <subfield code="d">FTaSU</subfield>
            <subfield code="d">DLC</subfield>
          </datafield>
          <datafield tag="042" ind1=" " ind2=" ">
            <subfield code="a">premarc</subfield>
          </datafield>
          <datafield tag="050" ind1="0" ind2="0">
            <subfield code="a">DT76</subfield>
            <subfield code="b">.G7</subfield>
          </datafield>
          <datafield tag="082" ind1=" " ind2=" ">
            <subfield code="a">920.032</subfield>
          </datafield>
          <datafield tag="245" ind1="0" ind2="0">
            <subfield code="a">Great ones of ancient Egypt;</subfield>
            <subfield code="c">portraits by Winifred Brunton; historical studies by various Egyptologists.</subfield>
          </datafield>
          <datafield tag="260" ind1=" " ind2=" ">
            <subfield code="a">New York,</subfield>
            <subfield code="b">C. Scribner's Sons,</subfield>
            <subfield code="c">1930.</subfield>
          </datafield>
          <datafield tag="300" ind1=" " ind2=" ">
            <subfield code="a">177 p.</subfield>
            <subfield code="b">illus., mounted plates (part col.)</subfield>
            <subfield code="c">28 cm.</subfield>
          </datafield>
          <datafield tag="500" ind1=" " ind2=" ">
            <subfield code="a">Each plate accompanied by guard sheet with descriptive letterpress.</subfield>
          </datafield>
          <datafield tag="500" ind1=" " ind2=" ">
            <subfield code="a">Printed in Great Britain.</subfield>
          </datafield>
          <datafield tag="505" ind1="0" ind2=" ">
            <subfield code="a">The reliability of Egyptian portrait-sculpture in the round and in relief, by J. Baikie.--The work of reconstruction, by Winifred Brunton.--Menes, by P. E. Newberry.--Meritiotes, by Margaret A. Murray.--Menkaurē, by B. Gunn.--Ranefer, by J. Capart.--La Belle Méconue, by J. Capart.--Senusert III, by A. Scharff (tr. from the German by Mrs. H. Frankfort)--Amenophis III and his successors in the XVIIIth dynasty, by S. R. K. Glanville.--Haremhab, by A. Scharff (tr. from the German by Mrs. H. Frankfort)--Taharqa, Amenardes, Mentuemhat, by H. Frankfort.</subfield>
          </datafield>
          <datafield tag="651" ind1=" " ind2="0">
            <subfield code="a">Egypt</subfield>
            <subfield code="x">Kings and rulers.</subfield>
          </datafield>
          <datafield tag="700" ind1="1" ind2=" ">
            <subfield code="a">Brunton, Winifred,</subfield>
            <subfield code="e">illus.</subfield>
          </datafield>
          <datafield tag="985" ind1=" " ind2=" ">
            <subfield code="e">OCLC REPLACEMENT cdsdistr</subfield>
          </datafield>
          <datafield tag="991" ind1=" " ind2=" ">
            <subfield code="b">c-GenColl</subfield>
            <subfield code="h">DT76</subfield>
            <subfield code="i">.G7</subfield>
            <subfield code="t">Copy 1</subfield>
            <subfield code="w">OCLCREP</subfield>
          </datafield>
        </record>
      </zs:recordData>
      <zs:recordPosition>1</zs:recordPosition>
    </zs:record>